
@book{ogata1995discrete,
  title={Discrete-Time Control Systems},
  author={Ogata, K.},
  isbn={9780133286427},
  lccn={94019896},
  series={Prentice Hall International editions},
  year={1995},
  publisher={Prentice-Hall International}
}
  url={http://books.google.com/books?id=5a51QgAACAAJ},


@book{franklin1998digital,
  title={Digital Control of Dynamic Systems},
  author={Franklin, G.F. and Powell, J.D. and Workman, M.L.},
  isbn={9780201331530},
  lccn={97035994},
  series={Addison-Wesley world student series},
  year={1998},
  publisher={Addison-Wesley Longman, Incorporated}
}
  url={http://books.google.com/books?id=A7W3QgAACAAJ},
